
@article{ahmadDirectedForgettingCategorised2019,
  title = {Directed Forgetting for Categorised Pictures: Recognition Memory for Perceptual Details versus Gist},
  shorttitle = {Directed Forgetting for Categorised Pictures},
  author = {Ahmad, Fahad N. and Tan, Pelin and Hockley, William E.},
  date = {2019},
  journaltitle = {Memory},
  volume = {27},
  number = {7},
  pages = {894--903},
  publisher = {{Taylor \& Francis}},
  doi = {10/gmgg3g},
  file = {/Users/mattcrump/Zotero/storage/S2EW35MU/‪Directed forgetting for categorised pictures rec.pdf;/Users/mattcrump/Zotero/storage/IJV74AEL/09658211.2019.html}
}

@article{ahmadEffectsVaryingPresentation2017,
  title = {Effects of Varying Presentation Time on Long-Term Recognition Memory for Scenes: {{Verbatim}} and Gist Representations},
  shorttitle = {Effects of Varying Presentation Time on Long-Term Recognition Memory for Scenes},
  author = {Ahmad, Fahad N. and Moscovitch, Morris and Hockley, William E.},
  date = {2017},
  journaltitle = {Memory \& cognition},
  volume = {45},
  number = {3},
  pages = {390--403},
  publisher = {{Springer}},
  doi = {10/gmgg4q},
  file = {/Users/mattcrump/Zotero/storage/I75BTSW7/Ahmad et al. - 2017 - Effects of varying presentation time on long-term .pdf;/Users/mattcrump/Zotero/storage/8T9BHS4H/s13421-016-0672-1.html}
}

@article{bjorkModificationShorttermMemory1968,
  title = {The Modification of Short-Term Memory through Instructions to Forget},
  author = {Bjork, Robert A. and Laberge, David and Legrand, Ross},
  date = {1968},
  journaltitle = {Psychonomic science},
  volume = {10},
  number = {2},
  pages = {55--56},
  publisher = {{Springer}},
  doi = {10/gmt488},
  file = {/Users/mattcrump/Zotero/storage/HGHPDU4H/Bjork et al. - 1968 - The modification of short-term memory through inst.pdf;/Users/mattcrump/Zotero/storage/MJW3JK86/BF03331404.html}
}

@incollection{bjorkTheoreticalImplicationsDirected1972,
  title = {Theoretical Implications of Directed Forgetting},
  booktitle = {Coding Processes in Human Memory},
  author = {Bjork, Robert A.},
  editor = {Melton, A. W. and Martin, E.},
  date = {1972},
  pages = {217--235},
  publisher = {{Winston}},
  location = {{Washington, DC}},
  keywords = {⛔ No DOI found}
}

@article{bradyVisualLongtermMemory2008,
  title = {Visual Long-Term Memory Has a Massive Storage Capacity for Object Details},
  author = {Brady, Timothy F. and Konkle, Talia and Alvarez, George A. and Oliva, Aude},
  date = {2008},
  journaltitle = {Proceedings of the National Academy of Sciences},
  volume = {105},
  number = {38},
  pages = {14325--14329},
  publisher = {{National Acad Sciences}},
  doi = {10/c268jz},
  file = {/Users/mattcrump/Zotero/storage/N6BELNJQ/14325.html;/Users/mattcrump/Zotero/storage/X7FM237M/14325.html}
}

@incollection{macleodDirectedForgetting1998,
  title = {Directed Forgetting},
  booktitle = {Intentional Forgetting: {{Interdisciplinary}} Approaches},
  author = {MacLeod, Colin M.},
  editor = {Golding, J. M. and MacLeod, Colin M.},
  date = {1998},
  pages = {1--57},
  publisher = {{Lawrence Erlbaum Associates}},
  location = {{Mahwah, NJ}},
  file = {/Users/mattcrump/Zotero/storage/TR39Q6JX/MacLeod - 1998 - Directed forgetting.pdf}
}

@article{mutherErasurePartitioningShortterm1965,
  title = {Erasure or Partitioning in Short-Term Memory},
  author = {Muther, W. Stanley},
  date = {1965},
  journaltitle = {Psychonomic Science},
  volume = {3},
  number = {1},
  pages = {429--430},
  publisher = {{Springer}},
  doi = {10/gmt47w},
  file = {/Users/mattcrump/Zotero/storage/572EEXQW/Muther - 1965 - Erasure or partitioning in short-term memory.pdf;/Users/mattcrump/Zotero/storage/FIWE4U6B/BF03343215.html}
}

@article{standingLearning10000Pictures1973,
  title = {Learning 10000 Pictures},
  author = {Standing, Lionel},
  date = {1973},
  journaltitle = {The Quarterly journal of experimental psychology},
  volume = {25},
  number = {2},
  pages = {207--222},
  publisher = {{Taylor \& Francis}},
  doi = {10/fnjhs5},
  file = {/Users/mattcrump/Zotero/storage/988BE37C/Standing - 1973 - Learning 10000 pictures.pdf;/Users/mattcrump/Zotero/storage/L36UDSIV/14640747308400340.html}
}


